@misc{criptoanarquista,
	author = {Timothy C. May},
	title = {THE CYPHERNOMICON},
	howpublished = "\url{http://www.kreps.org/hackers/overheads/11cyphernervs.pdf}",
	year = {1994}
}

@misc{bitcoin,
	author = {Satoshi Nakamoto},
	title = {Bitcoin: A Peer-to-Peer Electronic Cash System},
	howpublished = "\url{https://bitcoin.org/bitcoin.pdf}",
	year = {2008}
}

@misc{blockchaininfo,
	title = {Blockchain Explorer},
	howpublished = "\url{https://www.blockchain.com/explorer}"
}

@book{business,
	author = {William Mougayar},
	title = {The Business Blockchain: Promise, Practice, and Application of the Next Internet Technology},
	date = {2016},
	OPTeditor = {editor},
	OPTeditora = {editora},
	OPTeditorb = {editorb},
	OPTeditorc = {editorc},
	OPTtranslator = {translator},
	OPTannotator = {annotator},
	OPTcommentator = {commentator},
	OPTintroduction = {introduction},
	OPTforeword = {foreword},
	OPTafterword = {afterword},
	OPTsubtitle = {subtitle},
	OPTtitleaddon = {titleaddon},
	OPTmaintitle = {maintitle},
	OPTmainsubtitle = {mainsubtitle},
	OPTmaintitleaddon = {maintitleaddon},
	OPTlanguage = {language},
	OPToriglanguage = {origlanguage},
	OPTvolume = {volume},
	OPTpart = {part},
	OPTedition = {edition},
	OPTvolumes = {volumes},
	OPTseries = {series},
	OPTnumber = {number},
	OPTnote = {note},
	OPTpublisher = {publisher},
	OPTlocation = {location},
	OPTisbn = {isbn},
	OPTchapter = {chapter},
	OPTpages = {pages},
	OPTpagetotal = {pagetotal},
	OPTaddendum = {addendum},
	OPTpubstate = {pubstate},
	OPTdoi = {doi},
	OPTeprint = {eprint},
	OPTeprintclass = {eprintclass},
	OPTeprinttype = {eprinttype},
	OPTurl = {url},
	OPTurldate = {urldate},
}

@misc{gnss,
	title = {Royal Observatory of Belgium 
	GNSS Research Group},
	howpublished = "\url{http://www.gnss.be/}"
}

@misc{timetransfer,
	author = {Pascale Defraigne},
	title = {GNSS Time Transfer},
	howpublished = "\url{https://www.bipm.org/ws/CCTF/TAI_TRAINING/Allowed/Fundamentals/Training-2012-GNSS-Defraigne.pdf}",
	year = {2012}
}

@misc{trustzone,
	author = {ARM},
	title = {Building a Secure System using TrustZone Technology},
	howpublished = "\url{https://www.bipm.org/ws/CCTF/TAI_TRAINING/Allowed/Fundamentals/Training-2012-GNSS-Defraigne.pdfhttp://infocenter.arm.com/help/topic/com.arm.doc.prd29-genc-009492c/PRD29-GENC-009492C_trustzone_security_whitepaper.pdf}",
	year = {2008}
}

@misc{forks,
	author = {Christian Decker, Roger Wattenhofer},
	title = {Information Propagation in the Bitcoin Network},
	howpublished = "\url{https://ieeexplore.ieee.org/document/6688704}",
	year = {2013}
}

@misc{ghost,
	author = {Yonatan Sompolinsky and Aviv Zohar},
	title = {Secure High-Rate Transaction Processing in
	Bitcoin},
	howpublished = "\url{https://fc15.ifca.ai/preproceedings/paper_30.pdf}"
}

@misc{optee,
	title = {Open Portable Trusted Execution Enviroment},
	howpublished = "\url{https://www.op-tee.org/}"
}

